<marc:record xmlns:marc="http://www.loc.gov/MARC21/slim" xmlns:xsi="http://www.w3.org/2001/XMLSchema-instance" xsi:schemaLocation="http://www.loc.gov/MARC21/slim http://www.loc.gov/standards/marcxml/schema/MARC21slim.xsd">
  <marc:leader>     cam a2200301 a 45M</marc:leader>
  <marc:controlfield tag="001">002774132</marc:controlfield>
  <marc:controlfield tag="003">NNU</marc:controlfield>
  <marc:controlfield tag="005">20061010172037.0</marc:controlfield>
  <marc:controlfield tag="008">860731q19801986ir            000 0 ara  </marc:controlfield>
  <marc:datafield tag="010" ind1=" " ind2=" ">
    <marc:subfield code="a">84931632 /NE</marc:subfield>
  </marc:datafield>
  <marc:datafield tag="035" ind1="9" ind2=" ">
    <marc:subfield code="a">NYUb10476787</marc:subfield>
  </marc:datafield>
  <marc:datafield tag="035" ind1=" " ind2=" ">
    <marc:subfield code="a">(CStRLIN)NYUG86-B26949</marc:subfield>
  </marc:datafield>
  <marc:datafield tag="040" ind1=" " ind2=" ">
    <marc:subfield code="a">DLC-R</marc:subfield>
    <marc:subfield code="c">DLC-R</marc:subfield>
  </marc:datafield>
  <marc:datafield tag="050" ind1="0" ind2="0">
    <marc:subfield code="a">PJ6101.I193</marc:subfield>
    <marc:subfield code="b">A9 1980z &lt;Orien Arab&gt;</marc:subfield>
  </marc:datafield>
  <marc:datafield tag="066" ind1=" " ind2=" ">
    <marc:subfield code="c">(3</marc:subfield>
  </marc:datafield>
  <marc:datafield tag="090" ind1=" " ind2=" ">
    <marc:subfield code="a">PJ6101.I193</marc:subfield>
    <marc:subfield code="b">A9 1980z</marc:subfield>
  </marc:datafield>
  <marc:datafield tag="100" ind1="1" ind2=" ">
    <marc:subfield code="a">Azharī, Khālid ibn ʻAbd Allāh,</marc:subfield>
    <marc:subfield code="d">d. 1499</marc:subfield>
    <marc:subfield code="6">01</marc:subfield>
  </marc:datafield>
  <marc:datafield tag="100" ind1="1" ind2=" ">
    <marc:subfield code="6">01</marc:subfield>
    <marc:subfield code="a">الأزهري، خالد بن عبد الله.</marc:subfield>
  </marc:datafield>
  <marc:datafield tag="245" ind1="1" ind2="0">
    <marc:subfield code="6">02</marc:subfield>
    <marc:subfield code="a">Sharḥ al-Taṣrīḥ ʻalá al-Tawḍīḥ /</marc:subfield>
    <marc:subfield code="c">li-Khālid ibn ʻAbd Allāh al-Azharī ʻalá Alfīyat ibn Mālik fī al-naḥw wa-al-ṣarf li-Jamāl al-Dīn Abī Muḥammad ibn ʻAbd Allāh ibn Yūsuf Hishām al-Anṣārī ; wa-bi-hāmishihi ḥāshiyatihi li-Yāsīn ibn Zayn al-Dīn al-ʻUlaymī al-Ḥimṣī.</marc:subfield>
  </marc:datafield>
  <marc:datafield tag="245" ind1="1" ind2="0">
    <marc:subfield code="6">02</marc:subfield>
    <marc:subfield code="a">شرح التصريح على التوضيح /</marc:subfield>
    <marc:subfield code="c">لخالد بن عبد الله الأزهري على الفية ابن مالك في النحو والصرف لجمال الدين أبي محمد بن عبد الله بن يوسف بن هشام الانصاري ؛ وبهامشه حاشيته ليس بن زين الدين العليمي الحمصي.</marc:subfield>
  </marc:datafield>
  <marc:datafield tag="260" ind1=" " ind2=" ">
    <marc:subfield code="6">03</marc:subfield>
    <marc:subfield code="a">Ṭihrān, Īrān :</marc:subfield>
    <marc:subfield code="b">Intishārāt-i Nāṣir Khusraw,</marc:subfield>
    <marc:subfield code="c">[198-?]</marc:subfield>
  </marc:datafield>
  <marc:datafield tag="260" ind1=" " ind2=" ">
    <marc:subfield code="6">03</marc:subfield>
    <marc:subfield code="a">طهران، ايران :</marc:subfield>
    <marc:subfield code="b">انتشارات ناصر خسرو،</marc:subfield>
    <marc:subfield code="c">[198-?]</marc:subfield>
  </marc:datafield>
  <marc:datafield tag="300" ind1=" " ind2=" ">
    <marc:subfield code="a">2 v. ;</marc:subfield>
    <marc:subfield code="c">30 cm.</marc:subfield>
  </marc:datafield>
  <marc:datafield tag="600" ind1="1" ind2="0">
    <marc:subfield code="a">Ibn Hishām, ʻAbd Allāh ibn Yūsuf,</marc:subfield>
    <marc:subfield code="d">1309-1360.</marc:subfield>
    <marc:subfield code="t">Awḍaḥ al-masālik ilá Alfīyat Ibn Mālik</marc:subfield>
    <marc:subfield code="6">04</marc:subfield>
  </marc:datafield>
  <marc:datafield tag="650" ind1=" " ind2="0">
    <marc:subfield code="a">Arabic language</marc:subfield>
    <marc:subfield code="x">Grammar.</marc:subfield>
  </marc:datafield>
  <marc:datafield tag="600" ind1="1" ind2="4">
    <marc:subfield code="6">04</marc:subfield>
    <marc:subfield code="a">ابن هشام، عبد الله بن يوسف.</marc:subfield>
    <marc:subfield code="t">أوضح المسالك إلى ألفية بن مالك.</marc:subfield>
  </marc:datafield>
  <marc:datafield tag="700" ind1="1" ind2=" ">
    <marc:subfield code="a">ʻUlaymī, Yāsīn ibn Zayn al-Dīn,</marc:subfield>
    <marc:subfield code="d">d. 1650 or 51</marc:subfield>
    <marc:subfield code="6">05</marc:subfield>
  </marc:datafield>
  <marc:datafield tag="700" ind1="1" ind2=" ">
    <marc:subfield code="6">05</marc:subfield>
    <marc:subfield code="a">عليمي، يس بن زين الدين.</marc:subfield>
  </marc:datafield>
  <marc:datafield tag="998" ind1=" " ind2=" ">
    <marc:subfield code="a">20010627</marc:subfield>
    <marc:subfield code="d">19860731</marc:subfield>
    <marc:subfield code="d">20010627</marc:subfield>
    <marc:subfield code="n">NNU</marc:subfield>
    <marc:subfield code="s">1</marc:subfield>
    <marc:subfield code="t">c</marc:subfield>
    <marc:subfield code="z">p</marc:subfield>
  </marc:datafield>
</marc:record>
